@article{einstein,
    author = "Albert Einstein",
    title = "{Zur Elektrodynamik bewegter K{\"o}rper}. ({German})
    [{On} the electrodynamics of moving bodies]",
    journal = "Annalen der Physik",
    volume = "322",
    number = "10",
    pages = "891--921",
    year = "1905",
    DOI = "http://dx.doi.org/10.1002/andp.19053221004",
    keywords = "physics"
}

@book{dirac,
    title = {The Principles of Quantum Mechanics},
    author = {Paul Adrien Maurice Dirac},
    isbn = {9780198520115},
    series = {International series of monographs on physics},
    year = {1981},
    publisher = {Clarendon Press},
    keywords = {physics}
}


@inbook{knuth-fa,
    author = "Donald E. Knuth",
    title = "Fundamental Algorithms",
    publisher = "Addison-Wesley",
    year = "1973",
    chapter = "1.2",
    keywords  = "knuth,programming"
}

@online{pypi,
    author = "devxpy",
    title = "oscilloscope 0.0.4",
    url  = "https://pypi.org/project/oscilloscope/",
    addendum = "(accessed: 04.09.2021)",
    keywords = "oscilloscope, python"
}

@online{opencvoscilloskope,
    author = "Scott H. Hawley",
    title = "Realtime oscilloscope in 20 lines of Python, via soundcard & OpenCV",
    url  = "https://gist.github.com/drscotthawley/7c0a8b0f95d2c101ea3392ed6af85a63",
    addendum = "(accessed: 04.09.2021)",
    keywords = "oscilloscope, python"
}

@online{matplotosci,
    author = "matplotlib",
    title = "Oscilloscope",
    url  = "https://matplotlib.org/stable/gallery/animation/strip_chart.html",
    addendum = "(accessed: 04.09.2021)",
    keywords = "oscilloscope, python, matplotlib"
}

@online{tiepie,
    author = "TiePie",
    title = "Oscilloscope triggered by generator example",
    url  = "https://www.tiepie.com/en/libtiepie-sdk/python/oscilloscope-triggered-by-generator-example",
    addendum = "(accessed: 04.09.2021)",
    keywords = "oscilloscope, python, matplotlib"
}

@online{raspbi,
    author = "Werner Ziegelwanger ",
    title = "Raspberry Pi Oszilloskop in der Praxis",
    url  = "https://developer-blog.net/raspberry-pi-oszilloskop-in-der-praxis/",
    addendum = "(accessed: 04.09.2021)",
    keywords = "oscilloscope, python, matplotlib"
}

@online{tkinter,
    author = "sentdex",
    title = "How to make the Matplotlib graph live in your application",
    url  = "https://pythonprogramming.net/embedding-live-matplotlib-graph-tkinter-gui/",
    addendum = "(accessed: 04.09.2021)",
    keywords = "oscilloscope, python, matplotlib"
}

@online{kivy,
    author = "gigahex",
    title = "How to create real time graph in kivy?",
    url  = "https://stackoverflow.com/questions/22831879/how-to-create-real-time-graph-in-kivy",
    addendum = "(accessed: 04.09.2021)",
    keywords = "oscilloscope, python, matplotlib"
}

@online{electrivalacademica,
    author = "Electrical Academia",
    title = "How does an Oscilloscope Work",
    url  = "https://electricalacademia.com/electronics/oscilloscope-work-oscilloscope-parts-functions/",
    addendum = "(accessed: 04.09.2021)",
    keywords = "oscilloscope, python, matplotlib"
}

@online{tyco,
    author = "Tyco Electronics",
    title = "The Oscilloscope",
    url  = "http://www.cromptonusa.com/Oscilloscope.pdf",
    addendum = "(accessed: 04.09.2021)",
    keywords = "oscilloscope, python, matplotlib"
}

@online{mcclurel,
    author = "mcclurel",
    title = "The XYZ of an Oscilloscope",
    url  = "http://ecee.colorado.edu/~mcclurel/txyzscopes.pdf",
    addendum = "(accessed: 01.08.2021 ( not longer online ))",
    keywords = "oscilloscope, python, matplotlib"
}

@online{oszilloskopenet,
    author = "oszilloskope.net",
    title = "Oszilloskop: Online-Simulation",
    url  = "https://www.oszilloskope.net/oszilloskop/",
    addendum = "(accessed: 04.09.2021)",
    keywords = "oscilloscope, python, matplotlib"
}

@online{oszilloskopenets,
    author = "oszilloskope.net",
    title = "Oszilloskop und Messtechnik: Funktionsweise, Tests und Empfehlungen",
    url  = "https://www.oszilloskope.net",
    addendum = "(accessed: 04.09.2021)",
    keywords = "oscilloscope, python, matplotlib"
}

@online{history,
    author = "Toolboom Team",
    title = "Oscilloscopes: History and Classification",
    url  = "https://toolboom.com/en/articles-and-video/oscilloscopes-history-and-classification/",
    addendum = "(accessed: 04.09.2021)",
    keywords = "oscilloscope, python, matplotlib"
}

@online{basics,
    author = "Tektronix",
    title = "Oscilloscope Basics: Waveforms, Graph, & Measurement Reading",
    url  = "https://www.tek.com/document/online/primer/xyzs-scopes/ch1/oscilloscope-basics",
    addendum = "(accessed: 04.09.2021)",
    keywords = "oscilloscope, python, matplotlib"
}

@online{soundcard,
    author = "Christian Zeitnitz",
    title = "Soundcard Oscilloscope",
    url  = "https://www.zeitnitz.eu/scms/scope_en",
    addendum = "(accessed: 04.09.2021)",
    keywords = "oscilloscope, python, matplotlib"
}

@online{realtime,
    author = "Scott W Harden",
    title = "Realtime Audio Visualization in Python",
    url  = "https://swharden.com/blog/2016-07-19-realtime-audio-visualization-in-python/",
    addendum = "(accessed: 04.09.2021)",
    keywords = "oscilloscope, python, matplotlib"
}

@online{threesystems,
    author = "Tektronix",
    title = "The Three Systems",
    url  = "https://de.tek.com/document/online/primer/xyzs-scopes/ch4/oscilloscope-systems-and-controls",
    addendum = "(accessed: 04.09.2021)",
    keywords = "oscilloscope, python, matplotlib"
}

@online{ratgeber,
    author = "Chris Donner",
    title = "Dazu brauchst du ein Oszilloskop",
    url  = "https://oszilloskop-kaufen.com/ratgeber/dazu-brauchst-du-ein-oszilloskop/#",
    addendum = "(accessed: 05.09.2021)",
    keywords = "oscilloscope, python, matplotlib"
}

@online{abc,
    author = "Tektronix",
    title = "ABC der Oszilloskope",
    url  = "https://download.tek.com/document/03G_8605_6_MR_A4.pdf_14_12_2012.pdf",
    addendum = "(accessed: 05.09.2021)",
    keywords = "oscilloscope, python, matplotlib"
}
